<collection xmlns="http://www.loc.gov/MARC21/slim">
<record>
<controlfield tag="001">452886</controlfield>
<controlfield tag="005">20150616123348.0</controlfield>
<datafield tag="024" ind1="7" ind2=" ">
<subfield code="2">DOI</subfield>
<subfield code="a">10.1088/0264-9381/15/8/004</subfield>
</datafield>
<datafield tag="035" ind1=" " ind2=" ">
<subfield code="z">D98-05265</subfield>
<subfield code="9">DESY</subfield>
</datafield>
<datafield tag="035" ind1=" " ind2=" ">
<subfield code="a">Ferrara:1997dh</subfield>
<subfield code="9">SPIRESTeX</subfield>
</datafield>
<datafield tag="035" ind1=" " ind2=" ">
<subfield code="9">arXiv</subfield>
<subfield code="a">oai:arXiv.org:hep-th/9712239</subfield>
</datafield>
<datafield tag="035" ind1=" " ind2=" ">
<subfield code="9">CDS</subfield>
<subfield code="a">341631</subfield>
</datafield>
<datafield tag="037" ind1=" " ind2=" ">
<subfield code="a">CERN-TH-97-375</subfield>
</datafield>
<datafield tag="037" ind1=" " ind2=" ">
<subfield code="a">UCLA-97-TEP-32</subfield>
</datafield>
<datafield tag="037" ind1=" " ind2=" ">
<subfield code="9">arXiv</subfield>
<subfield code="a">hep-th/9712239</subfield>
<subfield code="c">hep-th</subfield>
</datafield>
<datafield tag="100" ind1=" " ind2=" ">
<subfield code="a">Ferrara, Sergio</subfield>
<subfield code="u">CERN</subfield>
</datafield>
<datafield tag="210" ind1=" " ind2=" ">
<subfield code="a">five-dimensional Anti-de Sitter space</subfield>
</datafield>
<datafield tag="245" ind1=" " ind2=" ">
<subfield code="a">
Conformal Maxwell theory as a singleton field theory on adS(5), IIB three-branes and duality
</subfield>
</datafield>
<datafield tag="246" ind1=" " ind2=" ">
<subfield code="a">
Conformal Maxwell theory as a singleton field theory on AdS(5), IIB three branes and duality.
</subfield>
<subfield code="9">arXiv</subfield>
</datafield>
<datafield tag="246" ind1=" " ind2=" ">
<subfield code="a">
Conformal Maxwell theory as a singleton field theory on AdS_5, IIB three-branes and duality
</subfield>
<subfield code="9">arXiv</subfield>
</datafield>
<datafield tag="269" ind1=" " ind2=" ">
<subfield code="c">1997-12</subfield>
</datafield>
<datafield tag="300" ind1=" " ind2=" ">
<subfield code="a">19</subfield>
</datafield>
<datafield tag="500" ind1=" " ind2=" ">
<subfield code="a">
19 pages, TeX, no figures; v2: misprints corrected, references added, discussion on Chern-Simons couplings revised. v3: References added, misprints corrected and a discussion in section 2 revised. v4: Typos corrected and reference added
</subfield>
<subfield code="9">arXiv</subfield>
</datafield>
<datafield tag="520" ind1=" " ind2=" ">
<subfield code="a">
We examine the boundary conditions associated with extended supersymmetric Maxwell theory in 5-dimensional anti-De Sitter space. Excitations on the boundary are identical to those of ordinary 4-dimensional conformal invariant super electrodynammics. Extrapolations of these excitations give rise to a 5-dimensional topological gauge theory of the singleton type. The possibility of a connection of this phenomenon to the world volume theory of 3-branes in IIB string theory is discussed.
</subfield>
<subfield code="9">arXiv</subfield>
</datafield>
<datafield tag="650" ind1="1" ind2="7">
<subfield code="2">INSPIRE</subfield>
<subfield code="a">Theory-HEP</subfield>
</datafield>
<datafield tag="690" ind1="C" ind2=" ">
<subfield code="a">Published</subfield>
<subfield code="2">INSPIRE</subfield>
</datafield>
<datafield tag="695" ind1=" " ind2=" ">
<subfield code="a">gauge field theory: U(1)</subfield>
<subfield code="2">INSPIRE</subfield>
</datafield>
<datafield tag="695" ind1=" " ind2=" ">
<subfield code="a">space-time: de Sitter</subfield>
<subfield code="2">INSPIRE</subfield>
</datafield>
<datafield tag="695" ind1=" " ind2=" ">
<subfield code="a">membrane model: p-brane</subfield>
<subfield code="2">INSPIRE</subfield>
</datafield>
<datafield tag="695" ind1=" " ind2=" ">
<subfield code="a">p-brane: 3</subfield>
<subfield code="2">INSPIRE</subfield>
</datafield>
<datafield tag="695" ind1=" " ind2=" ">
<subfield code="a">string model</subfield>
<subfield code="2">INSPIRE</subfield>
</datafield>
<datafield tag="695" ind1=" " ind2=" ">
<subfield code="a">duality</subfield>
<subfield code="2">INSPIRE</subfield>
</datafield>
<datafield tag="695" ind1=" " ind2=" ">
<subfield code="a">invariance: conformal</subfield>
<subfield code="2">INSPIRE</subfield>
</datafield>
<datafield tag="700" ind1=" " ind2=" ">
<subfield code="a">Fronsdal, Christian</subfield>
<subfield code="u">UCLA</subfield>
</datafield>
<datafield tag="773" ind1=" " ind2=" ">
<subfield code="p">Class.Quant.Grav.</subfield>
<subfield code="v">15</subfield>
<subfield code="c">2153-2164</subfield>
<subfield code="y">1998</subfield>
</datafield>
<datafield tag="773" ind1=" " ind2=" ">
<subfield code="x">Class. Quantum Grav. 15 (1998) 2153-2164</subfield>
</datafield>
<datafield tag="856" ind1="4" ind2=" ">
<subfield code="w">15/2153</subfield>
<subfield code="y">CQGRD</subfield>
<subfield code="u">
http://www.iop.org/EJ/select?submit=1&cf_issn=0264-9381&15/2153
</subfield>
</datafield>
<datafield tag="856" ind1="4" ind2=" ">
<subfield code="u">
http://inspirehep.net/record/452886/files/arXiv:hep-th_9712239.pdf
</subfield>
</datafield>
<datafield tag="909" ind1="C" ind2="O">
<subfield code="o">oai:inspirehep.net:452886</subfield>
<subfield code="p">CERN</subfield>
<subfield code="p">INSPIRE:HEP</subfield>
<subfield code="p">CERN:arXiv</subfield>
<subfield code="p">CDS</subfield>
</datafield>
<datafield tag="961" ind1=" " ind2=" ">
<subfield code="x">1997-12-30</subfield>
</datafield>
<datafield tag="961" ind1=" " ind2=" ">
<subfield code="c">2010-10-09</subfield>
</datafield>
<datafield tag="970" ind1=" " ind2=" ">
<subfield code="a">SPIRES-3675688</subfield>
</datafield>
<datafield tag="980" ind1=" " ind2=" ">
<subfield code="a">Published</subfield>
</datafield>
<datafield tag="980" ind1=" " ind2=" ">
<subfield code="a">arXiv</subfield>
</datafield>
<datafield tag="980" ind1=" " ind2=" ">
<subfield code="a">Citeable</subfield>
</datafield>
<datafield tag="980" ind1=" " ind2=" ">
<subfield code="a">CORE</subfield>
</datafield>
<datafield tag="980" ind1=" " ind2=" ">
<subfield code="a">HEP</subfield>
</datafield>
<datafield tag="999" ind1="C" ind2="5">
<subfield code="r">hep-th/9503124</subfield>
<subfield code="s">Nucl.Phys.,B443,85</subfield>
</datafield>
<datafield tag="999" ind1="C" ind2="5">
<subfield code="r">hep-th/9711200</subfield>
<subfield code="s">Adv.Theor.Math.Phys.,2,231</subfield>
</datafield>
<datafield tag="999" ind1="C" ind2="5">
<subfield code="s">Phys.Lett.,B203,229</subfield>
</datafield>
<datafield tag="999" ind1="C" ind2="5">
<subfield code="s">Class.Quant.Grav.,5,180</subfield>
</datafield>
<datafield tag="999" ind1="C" ind2="5">
<subfield code="s">Phys.Lett.,B199,89</subfield>
</datafield>
<datafield tag="999" ind1="C" ind2="5">
<subfield code="s">Nucl.Phys.,B305,483</subfield>
</datafield>
<datafield tag="999" ind1="C" ind2="5">
<subfield code="r">hep-th/9307049</subfield>
<subfield code="s">Phys.Rev.Lett.,71,3754</subfield>
</datafield>
<datafield tag="999" ind1="C" ind2="5">
<subfield code="s">Nucl.Phys.,B204,337</subfield>
</datafield>
<datafield tag="999" ind1="C" ind2="5">
<subfield code="r">hep-th/9610155</subfield>
<subfield code="s">Phys.Rev.,D55,3647</subfield>
</datafield>
<datafield tag="999" ind1="C" ind2="5">
<subfield code="s">Phys.Lett.,B76,409</subfield>
</datafield>
<datafield tag="999" ind1="C" ind2="5">
<subfield code="r">hep-th/9711161</subfield>
<subfield code="s">Nucl.Phys.,B518,117</subfield>
</datafield>
<datafield tag="999" ind1="C" ind2="5">
<subfield code="r">hep-th/9712073</subfield>
<subfield code="s">Phys.Rev.,D57,6452</subfield>
</datafield>
<datafield tag="999" ind1="C" ind2="5">
<subfield code="s">Nucl.Phys.,B135,149</subfield>
</datafield>
<datafield tag="999" ind1="C" ind2="5">
<subfield code="s">Nucl.Phys.,B88,257</subfield>
</datafield>
<datafield tag="999" ind1="C" ind2="5">
<subfield code="s">Nucl.Phys.,B77,73</subfield>
</datafield>
<datafield tag="999" ind1="C" ind2="5">
<subfield code="s">Nucl.Phys.,B129,125</subfield>
</datafield>
<datafield tag="999" ind1="C" ind2="5">
<subfield code="r">hep-th/9703031</subfield>
<subfield code="s">JHEP,9712,003</subfield>
</datafield>
<datafield tag="999" ind1="C" ind2="5">
<subfield code="s">Nucl.Phys.,B305,497</subfield>
</datafield>
<datafield tag="999" ind1="C" ind2="5">
<subfield code="s">Phys.Lett.,B176,45</subfield>
</datafield>
<datafield tag="999" ind1="C" ind2="5">
<subfield code="s">Phys.Lett.,B205,237</subfield>
</datafield>
<datafield tag="999" ind1="C" ind2="5">
<subfield code="s">J.Math.Phys.,22,1100</subfield>
</datafield>
<datafield tag="999" ind1="C" ind2="5">
<subfield code="s">Phys.Lett.,B143,389</subfield>
</datafield>
<datafield tag="999" ind1="C" ind2="5">
<subfield code="s">Nucl.Phys.,B255,63</subfield>
</datafield>
<datafield tag="999" ind1="C" ind2="5">
<subfield code="s">Nucl.Phys.,B208,323</subfield>
</datafield>
<datafield tag="999" ind1="C" ind2="5">
<subfield code="s">Phys.Lett.,B143,103</subfield>
</datafield>
<datafield tag="999" ind1="C" ind2="5">
<subfield code="s">Annals Phys.,53,174</subfield>
</datafield>
<datafield tag="999" ind1="C" ind2="5">
<subfield code="s">Phys.Lett.,B154,268</subfield>
</datafield>
<datafield tag="999" ind1="C" ind2="5">
<subfield code="r">hep-th/9612202</subfield>
<subfield code="s">Nucl.Phys.,B493,249</subfield>
</datafield>
<datafield tag="999" ind1="C" ind2="5">
<subfield code="s">Phys.Lett.,B122,143</subfield>
</datafield>
<datafield tag="999" ind1="C" ind2="5">
<subfield code="s">Nucl.Phys.,B266,269</subfield>
</datafield>
<datafield tag="999" ind1="C" ind2="5">
<subfield code="s">Nucl.Phys.,B23,181</subfield>
</datafield>
<datafield tag="999" ind1="C" ind2="5">
<subfield code="s">Nucl.Phys.,B192,332</subfield>
</datafield>
<datafield tag="999" ind1="C" ind2="5">
<subfield code="r">hep-th/9508072</subfield>
<subfield code="s">Phys.Rev.,D52,5412</subfield>
</datafield>
<datafield tag="999" ind1="C" ind2="5">
<subfield code="r">hep-th/9602111</subfield>
<subfield code="s">Phys.Lett.,B383,39</subfield>
</datafield>
<datafield tag="999" ind1="C" ind2="5">
<subfield code="r">hep-th/9602136</subfield>
<subfield code="s">Phys.Rev.,D54,1514</subfield>
</datafield>
<datafield tag="999" ind1="C" ind2="5">
<subfield code="s">J.Math.Phys.,10,2078</subfield>
</datafield>
<datafield tag="999" ind1="C" ind2="5">
<subfield code="s">Phys.Rev.,D23,1278</subfield>
</datafield>
<datafield tag="999" ind1="C" ind2="5">
<subfield code="s">Commun.Math.Phys.,108,469</subfield>
</datafield>
<datafield tag="999" ind1="C" ind2="5">
<subfield code="s">Annals Math.,37,429</subfield>
</datafield>
<datafield tag="999" ind1="C" ind2="5">
<subfield code="s">J.Math.Phys.,24,2828</subfield>
</datafield>
<datafield tag="999" ind1="C" ind2="5">
<subfield code="s">Phys.Rev.,D26,1988</subfield>
</datafield>
<datafield tag="999" ind1="C" ind2="5">
<subfield code="s">Class.Quant.Grav.,2,L11</subfield>
</datafield>
<datafield tag="999" ind1="C" ind2="5">
<subfield code="s">Nucl.Phys.,B121,77</subfield>
</datafield>
<datafield tag="999" ind1="C" ind2="5">
<subfield code="s">Nucl.Phys.,B122,1253</subfield>
</datafield>
</record>
</collection>